<record><leader>00000cas a2200000 a 4500</leader><controlfield tag="001">48984827</controlfield><controlfield tag="008">020212c19929999iluwr ne      0   a0eng c</controlfield><datafield ind1=" " ind2=" " tag="010"><subfield code="a">sn2002060724</subfield></datafield><datafield ind1=" " ind2=" " tag="040"><subfield code="a">CVF</subfield><subfield code="b">eng</subfield><subfield code="c">CVF</subfield><subfield code="d">NVF</subfield><subfield code="d">OCLCQ</subfield><subfield code="d">OCLCF</subfield><subfield code="d">OCLCO</subfield><subfield code="d">NVF</subfield></datafield><datafield ind1=" " ind2=" " tag="042"><subfield code="a">pcc</subfield></datafield><datafield ind1=" " ind2=" " tag="043"><subfield code="a">n-us-il</subfield></datafield><datafield ind1="0" ind2=" " tag="130"><subfield code="a">Reporter (Palos Heights, Ill. : Palos Hills-Hickory Hills ed.)</subfield></datafield><datafield ind1="1" ind2="0" tag="245"><subfield code="a">Reporter.</subfield></datafield><datafield ind1="1" ind2="3" tag="246"><subfield code="a">Palos-Hickory Hills reporter</subfield></datafield><datafield ind1="1" ind2="3" tag="246"><subfield code="a">Palos Hills-Hickory Hills reporter</subfield></datafield><datafield ind1="3" ind2=" " tag="246"><subfield code="a">Palos Hickory Hills reporter</subfield></datafield><datafield ind1="3" ind2=" " tag="246"><subfield code="a">Palos Hills Hickory Hills reporter</subfield></datafield><datafield ind1=" " ind2=" " tag="250"><subfield code="a">Palos Hills-Hickory Hills ed.</subfield></datafield><datafield ind1=" " ind2=" " tag="260"><subfield code="a">Palos Heights, Ill. :</subfield><subfield code="b">Charles Richards,</subfield><subfield code="c">1992-</subfield></datafield><datafield ind1=" " ind2=" " tag="300"><subfield code="a">v.</subfield></datafield><datafield ind1=" " ind2=" " tag="310"><subfield code="a">Weekly</subfield></datafield><datafield ind1="0" ind2=" " tag="362"><subfield code="a">Vol. 33, no. 2 (Apr. 16, 1992)-</subfield></datafield><datafield ind1=" " ind2="0" tag="651"><subfield code="a">Palos Hills (Ill.)</subfield><subfield code="v">Newspapers.</subfield></datafield><datafield ind1=" " ind2="0" tag="651"><subfield code="a">Hickory Hills (Ill.)</subfield><subfield code="v">Newspapers.</subfield></datafield><datafield ind1=" " ind2="7" tag="651"><subfield code="a">Illinois</subfield><subfield code="z">Hickory Hills.</subfield><subfield code="2">fast</subfield><subfield code="0">(OCoLC)fst01226538</subfield></datafield><datafield ind1=" " ind2="7" tag="651"><subfield code="a">Illinois</subfield><subfield code="z">Palos Hills.</subfield><subfield code="2">fast</subfield><subfield code="0">(OCoLC)fst01277916</subfield></datafield><datafield ind1=" " ind2="7" tag="655"><subfield code="a">Newspapers.</subfield><subfield code="2">fast</subfield><subfield code="0">(OCoLC)fst01423814</subfield></datafield><datafield ind1=" " ind2=" " tag="752"><subfield code="a">United States</subfield><subfield code="b">Illinois</subfield><subfield code="c">Cook County</subfield><subfield code="d">Palos Heights.</subfield></datafield><datafield ind1="0" ind2=" " tag="775"><subfield code="t">Worth-Ridge reporter</subfield><subfield code="w">(DLC)  2010271306</subfield><subfield code="w">(OCoLC)558822597</subfield></datafield><datafield ind1="0" ind2=" " tag="775"><subfield code="t">Reporter (Palos Heights, Ill. : Worth-Chicago Ridge ed.)</subfield><subfield code="w">(DLC)sn2002060725</subfield><subfield code="w">(OCoLC)48984822</subfield></datafield><datafield ind1="0" ind2=" " tag="775"><subfield code="t">Reporter (Palos Heights, Ill. : Oak Lawn-Evergreen Park ed.)</subfield><subfield code="w">(DLC)sn2001063220</subfield><subfield code="w">(OCoLC)47047540</subfield></datafield><datafield ind1="0" ind2="0" tag="780"><subfield code="t">Bridgeview Hills reporter</subfield><subfield code="w">(DLC)sn2002060723</subfield><subfield code="w">(OCoLC)48984812</subfield></datafield><datafield ind1="1" ind2=" " tag="029"><subfield code="a">AU@</subfield><subfield code="b">000023373735</subfield></datafield></record>